@MISC {2005917,
    TITLE = {Why do we care about dual spaces?},
    AUTHOR = {Aloizio Macedo (https://math.stackexchange.com/users/59234/aloizio-macedo)},
    HOWPUBLISHED = {Mathematics Stack Exchange},
    NOTE = {URL:https://math.stackexchange.com/q/2005917 (version: 2018-07-08)},
    EPRINT = {https://math.stackexchange.com/q/2005917},
    URL = {https://math.stackexchange.com/q/2005917}
}
